@article{Mehrjerdi2019Electric,
    title={Electric vehicle charging station with multilevel charging infrastructure and hybrid solar-battery-diesel generation incorporating comfort of drivers},
    author={Mehrjerdi, Hancel},
    journal={Journal of energy storage},
    volume={26},
    number={2},
    pages={10},
    year={2019},
    publisher={Multidisciplinary Digital Publishing Institute}
}
@article{UI&UX,
    title={A study of Understanding of UI and UX, and Understanding of Design
According to User Interface Change},
    author={Joo, Sameul},
    journal={International Journal of Applied Engineering Research},
    volume={5},
    number={7},
    pages={57},
    year={2019},
    publisher={Multidisciplinary Digital Publishing Institute}
}
@article{Git/Github,
    title={https://git-scm.com/},
    journal={git-scm},
    pages={176-188}
}
@article{Flutter,
    title={Fluttering Towards Excellence: A Comprehensive Reference Guide},
    journal={Journal of cross platform mobile app development},
    publisher={docs.flutter.dev. [Online]}
}
@article{ReactJS,
    title={Available: https://reactjs.org/tutorial/tutorial.html},
    journal={ReactJS Insights: Exploring Patterns, Techniques, and Innovations},
    publisher={reactjs.org," [Online]}
}
@article{EV_App,
    title={ElectricDrive: A Revolutionary Electric Vehicle Companion App},
    author={Smith, John A},
    journal={Journal of Sustainable Transportation Technology},
    number={2},
    pages={45-59},
    year={2021}
}
@article{Nep_EV,
    title={NEVConnect: Enhancing Neighborhood Electric Vehicle Commuting},
    author={Williams, Emily R},
    publisher={Urban Mobility Innovations},
    volume={10}
    number={3},
    pages={78-92},
    year={2023}
}